[gd_scene load_steps=22 format=2]

[ext_resource path="res://src/actors/enemies/base/enemy.gd" type="Script" id=1]
[ext_resource path="res://src/combat/hitbox.tscn" type="PackedScene" id=2]
[ext_resource path="res://src/combat/stats.tscn" type="PackedScene" id=3]
[ext_resource path="res://assets/font/ARABOLIC.TTF" type="DynamicFontData" id=4]
[ext_resource path="res://src/actors/base/state_machine.gd" type="Script" id=5]
[ext_resource path="res://src/actors/enemies/possessed_sand_dune/states/idle.gd" type="Script" id=6]
[ext_resource path="res://src/actors/enemies/possessed_sand_dune/states/move.gd" type="Script" id=7]
[ext_resource path="res://src/actors/enemies/possessed_sand_dune/states/air.gd" type="Script" id=8]
[ext_resource path="res://src/actors/enemies/possessed_sand_dune/states/follow.gd" type="Script" id=9]
[ext_resource path="res://src/actors/enemies/possessed_sand_dune/states/attack.gd" type="Script" id=10]
[ext_resource path="res://src/actors/enemies/possessed_sand_dune/states/hurt.gd" type="Script" id=11]
[ext_resource path="res://src/actors/enemies/possessed_sand_dune/states/stab.gd" type="Script" id=12]
[ext_resource path="res://src/combat/weapons/sand_blast.tscn" type="PackedScene" id=13]
[ext_resource path="res://assets/font/SimplyMono-Book.ttf" type="DynamicFontData" id=14]
[ext_resource path="res://assets/enemy/slime_monster_by_Bonsaiheldin.png" type="Texture" id=15]

[sub_resource type="DynamicFont" id=3]
font_data = ExtResource( 14 )

[sub_resource type="CapsuleShape" id=1]
radius = 0.125
height = 0.25

[sub_resource type="BoxShape" id=2]
extents = Vector3( 20, 2, 20 )

[sub_resource type="Animation" id=5]
length = 0.001
tracks/0/type = "value"
tracks/0/path = NodePath("Pivot/Sprite3D:frame")
tracks/0/interp = 1
tracks/0/loop_wrap = true
tracks/0/imported = false
tracks/0/enabled = true
tracks/0/keys = {
"times": PoolRealArray( 0 ),
"transitions": PoolRealArray( 1 ),
"update": 0,
"values": [ 3 ]
}
tracks/1/type = "value"
tracks/1/path = NodePath("Pivot/Sprite3D/Sprite3D:frame")
tracks/1/interp = 1
tracks/1/loop_wrap = true
tracks/1/imported = false
tracks/1/enabled = true
tracks/1/keys = {
"times": PoolRealArray( 0 ),
"transitions": PoolRealArray( 1 ),
"update": 0,
"values": [ 3 ]
}

[sub_resource type="Animation" id=4]
resource_name = "Walk"
length = 0.6
loop = true
tracks/0/type = "value"
tracks/0/path = NodePath("Pivot/Sprite3D:frame")
tracks/0/interp = 1
tracks/0/loop_wrap = true
tracks/0/imported = false
tracks/0/enabled = true
tracks/0/keys = {
"times": PoolRealArray( 0, 0.2, 0.4 ),
"transitions": PoolRealArray( 1, 1, 1 ),
"update": 1,
"values": [ 3, 4, 5 ]
}
tracks/1/type = "value"
tracks/1/path = NodePath("Pivot/Sprite3D/Sprite3D:frame")
tracks/1/interp = 1
tracks/1/loop_wrap = true
tracks/1/imported = false
tracks/1/enabled = true
tracks/1/keys = {
"times": PoolRealArray( 0, 0.2, 0.4 ),
"transitions": PoolRealArray( 1, 1, 1 ),
"update": 1,
"values": [ 3, 4, 5 ]
}

[sub_resource type="DynamicFont" id=6]
size = 24
outline_size = 2
outline_color = Color( 0, 0, 0, 1 )
use_filter = true
font_data = ExtResource( 4 )

[node name="PossessedSandDune" type="KinematicBody"]
collision_layer = 8
collision_mask = 9
script = ExtResource( 1 )
init_weapon = ExtResource( 13 )
MOVEMENT_SPEED = 150

[node name="Pivot" type="Spatial" parent="."]

[node name="Sprite3D" type="Sprite3D" parent="Pivot"]
billboard = 1
texture = ExtResource( 15 )
hframes = 3
vframes = 3
frame = 3
region_rect = Rect2( 0, 0, 48, 48 )

[node name="Sprite3D" type="Sprite3D" parent="Pivot/Sprite3D"]
cast_shadow = 3
shaded = true
alpha_cut = 2
texture = ExtResource( 15 )
hframes = 3
vframes = 3
frame = 3

[node name="WeaponContainer" type="Spatial" parent="Pivot"]

[node name="RayCast" type="RayCast" parent="Pivot"]
enabled = true
cast_to = Vector3( 1, 0, 0 )
debug_shape_custom_color = Color( 0.65098, 0.898039, 0.317647, 1 )
debug_shape_thickness = 5

[node name="StateDebug" type="Label3D" parent="."]
transform = Transform( 1, 0, 0, 0, 1, 0, 0, 0, 1, 0, 1, 0 )
visible = false
font = SubResource( 3 )

[node name="HitBox" parent="." instance=ExtResource( 2 )]
collision_layer = 8

[node name="Stats" parent="." instance=ExtResource( 3 )]
hp = 10

[node name="StateMachine" type="Node" parent="."]
script = ExtResource( 5 )
initial_state = NodePath("Move/Idle")

[node name="Move" type="Node" parent="StateMachine"]
script = ExtResource( 7 )

[node name="Idle" type="Node" parent="StateMachine/Move"]
script = ExtResource( 6 )

[node name="Air" type="Node" parent="StateMachine/Move"]
script = ExtResource( 8 )

[node name="Attack" type="Node" parent="StateMachine"]
script = ExtResource( 10 )

[node name="Follow" type="Node" parent="StateMachine/Attack"]
script = ExtResource( 9 )

[node name="Stab" type="Node" parent="StateMachine/Attack"]
script = ExtResource( 12 )

[node name="Timer" type="Timer" parent="StateMachine/Attack/Stab"]
wait_time = 0.5
one_shot = true

[node name="Hurt" type="Node" parent="StateMachine"]
script = ExtResource( 11 )

[node name="Timer" type="Timer" parent="StateMachine/Hurt"]
wait_time = 0.2
one_shot = true

[node name="Death" type="Node" parent="StateMachine"]

[node name="CollisionShape" type="CollisionShape" parent="."]
transform = Transform( 1, 0, 0, 0, -4.37114e-08, -1, 0, 1, -4.37114e-08, 0, 0, 0 )
shape = SubResource( 1 )

[node name="DetectionArea" type="Area" parent="."]
collision_layer = 0

[node name="CollisionShape" type="CollisionShape" parent="DetectionArea"]
shape = SubResource( 2 )

[node name="AnimationPlayer" type="AnimationPlayer" parent="."]
anims/RESET = SubResource( 5 )
anims/Walk = SubResource( 4 )

[node name="Health" type="Label3D" parent="."]
transform = Transform( -1, 0, 0, 0, 1, 0, 0, 0, 1, 0, 0.29819, 0 )
text = "23"
font = SubResource( 6 )
